# papers for the review of results
@inproceedings{kinneer2015automatically,
  title={Automatically evaluating the efficiency of search-based test data generation for relational database schemas},
  author={Kinneer, Cody and Kapfhammer, Gregory M and Wright, Chris J and McMinn, Phil},
  booktitle={Proceedings of the 27th International Conference on Software Engineering and Knowledge Engineering},
  year={2015}
}
@inproceedings{wright2014impact,
  title={The impact of equivalent, redundant and quasi mutants on database schema mutation analysis},
  author={Wright, Chris J and Kapfhammer, Gregory M and McMinn, Phil},
  booktitle={Quality Software (QSIC), 2014 14th International Conference on},
  pages={57--66},
  year={2014},
  organization={IEEE}
}
@phdthesis{wright2015mutation,
  title={Mutation Analysis of Relational Database Schemas},
  author={Wright, Christopher},
  year={2015},
  school={University of Sheffield}
}
@inproceedings{wright2013efficient,
  title={Efficient mutation analysis of relational database structure using mutant schemata and parallelisation},
  author={Wright, Chris J and Kapfhammer, Gregory M and McMinn, Phil},
  booktitle={Software Testing, Verification and Validation Workshops (ICSTW), 2013 IEEE Sixth International Conference on},
  pages={63--72},
  year={2013},
  organization={IEEE}
}
@article{mcminn2015effectiveness,
  title={The effectiveness of test coverage criteria for relational database schema integrity constraints},
  author={Mcminn, Phil and Wright, Chris J and Kapfhammer, Gregory M},
  journal={ACM Transactions on Software Engineering and Methodology (TOSEM)},
  volume={25},
  number={1},
  pages={8},
  year={2015},
  publisher={ACM}
}
